@article{Eck2020Comp,
    title={Computationally efficient likelihood inference in exponential families when the maximum likelihood estimator does not exist},
    author={Daniel J. Eck and Charles J. Geyer},
    year={2018},
    eprint={1803.11240},
    archivePrefix={arXiv},
    primaryClass={math.ST}
}
@book{agresti_categorical_2013,
author = {Agresti, Alan},
edition = {3rd ed},
isbn = {9780470463635},
publisher = {Wiley},
series = {Wiley series in probability and statistics},
title = {{Categorical data analysis}},
year = {2013}
}
